<collection xmlns="http://www.loc.gov/MARC21/slim">
<record>
  <leader>01074nam0a2200217 i 450 </leader>
  <controlfield tag="001">IT\ICCU\CNCE\019853</controlfield>
  <controlfield tag="005">20061205000000.0</controlfield>
  <datafield tag="012" ind1=" " ind2=" ">
    <subfield code="a">e,to o.no NOo. o,e; (C) 1584 (A)</subfield>
    <subfield code="2">fei</subfield>
  </datafield>
  <datafield tag="100" ind1=" " ind2=" ">
    <subfield code="a">19970101d1584        0itac0103    ba</subfield>
  </datafield>
  <datafield tag="101" ind1=" " ind2=" ">
    <subfield code="a">ITA</subfield>
  </datafield>
  <datafield tag="102" ind1=" " ind2=" ">
    <subfield code="a">IT</subfield>
  </datafield>
  <datafield tag="200" ind1="1" ind2=" ">
    <subfield code="a">Canzone del s. Giouanni Fratta nella partita dell&apos;illustriss. sig. Giustiniano Morosini proueditore, et capitano di Legnago</subfield>
  </datafield>
  <datafield tag="210" ind1=" " ind2=" ">
    <subfield code="a">In Verona</subfield>
    <subfield code="c">appresso Sebastiano dalle Donne</subfield>
    <subfield code="d">&amp; Girolamo Strengari</subfield>
    <subfield code="d">compagni</subfield>
    <subfield code="d">1584</subfield>
  </datafield>
  <datafield tag="215" ind1=" " ind2=" ">
    <subfield code="a">\4! c.</subfield>
    <subfield code="d">4ʻ</subfield>
  </datafield>
  <datafield tag="620" ind1=" " ind2=" ">
    <subfield code="a">IT</subfield>
    <subfield code="d">Verona</subfield>
  </datafield>
  <datafield tag="700" ind1=" " ind2="1">
    <subfield code="a">Fratta,</subfield>
    <subfield code="b">Giovanni</subfield>
    <subfield code="3">IT\ICCU\CNCA\005574</subfield>
  </datafield>
  <datafield tag="712" ind1="0" ind2="0">
    <subfield code="a">Dalle_Donne, Sebastiano &amp; Stringario, Girolamo</subfield>
    <subfield code="3">IT\ICCU\CNCT\000643</subfield>
    <subfield code="4">650</subfield>
  </datafield>
  <datafield tag="801" ind1=" " ind2="3">
    <subfield code="a">IT</subfield>
    <subfield code="b">ICCU</subfield>
    <subfield code="c">20201114</subfield>
  </datafield>
  <datafield tag="899" ind1=" " ind2=" ">
    <subfield code="a">Biblioteca Storica di Ateneo &quot;Arturo Graf&quot;. Torino</subfield>
    <subfield code="1">TO0529</subfield>
    <subfield code="2">UTO 23</subfield>
  </datafield>
  <datafield tag="899" ind1=" " ind2=" ">
    <subfield code="a">Biblioteca nazionale Marciana. Venezia</subfield>
    <subfield code="1">VE0049</subfield>
    <subfield code="2">VEA BM</subfield>
  </datafield>
  <datafield tag="921" ind1=" " ind2=" ">
    <subfield code="a">IT\ICCU\CNCM\000602</subfield>
    <subfield code="b">Tre serpenti intrecciati con le teste sormontate da tre uccelli. In cornice</subfield>
    <subfield code="e">Prudens simplicitas felix.</subfield>
    <subfield code="c">V513</subfield>
    <subfield code="c">Z1057</subfield>
    <subfield code="d">Dimensioni: 6 x 6,4</subfield>
    <subfield code="f">PRUDENSSIM</subfield>
    <subfield code="f">SERPENTI</subfield>
    <subfield code="f">UCCELLI</subfield>
    <subfield code="g">1574-1600</subfield>
  </datafield>
</record>
</collection>
